@article{knuth84,
  author = {Knuth, Donald E.},
  title = {Literate Programming},
  year = {1984},
  issue_date = {May 1984},
  publisher = {Oxford University Press, Inc.},
  address = {USA},
  volume = {27},
  number = {2},
  issn = {0010-4620},
  url = {https://doi.org/10.1093/comjnl/27.2.97},
  doi = {10.1093/comjnl/27.2.97},
  journal = {Comput. J.},
  month = may,
  pages = {97â€“111},
  numpages = {15}
}



@article{mannarswamy2010a,
	title = {Optimal designs for constant{-}heating{-}rate differential scanning calorimetry experiments for polymerization kinetics:{\emph{n}}th{-}order kinetics},
	author = {Mannarswamy, Aravind and {Munson{-}McGee}, Stuart H. and Steiner, Robert and Johnson, Charles L.},
	year = {2010},
	month = {04},
	date = {2010-04-28},
	journal = {Journal of Applied Polymer Science},
	pages = {2133--2139},
	volume = {117},
	number = {4},
	doi = {10.1002/app.31406},
	url = {http://dx.doi.org/10.1002/app.31406},
	langid = {en}
}
